%YAML 1.1
%TAG !u! tag:unity3d.com,2011:
--- !u!1 &3534589392304146646
GameObject:
  m_ObjectHideFlags: 0
  m_CorrespondingSourceObject: {fileID: 0}
  m_PrefabInstance: {fileID: 0}
  m_PrefabAsset: {fileID: 0}
  serializedVersion: 6
  m_Component:
  - component: {fileID: 441000986761525271}
  - component: {fileID: 6622446099068867956}
  - component: {fileID: 287793285774244668}
  - component: {fileID: 7385666222866670907}
  - component: {fileID: 7105700242574782307}
  - component: {fileID: -8639860502587519080}
  m_Layer: 8
  m_Name: PhotonPlayer
  m_TagString: Untagged
  m_Icon: {fileID: 0}
  m_NavMeshLayer: 0
  m_StaticEditorFlags: 0
  m_IsActive: 1
--- !u!4 &441000986761525271
Transform:
  m_ObjectHideFlags: 0
  m_CorrespondingSourceObject: {fileID: 0}
  m_PrefabInstance: {fileID: 0}
  m_PrefabAsset: {fileID: 0}
  m_GameObject: {fileID: 3534589392304146646}
  m_LocalRotation: {x: 0, y: -1, z: 0, w: 0}
  m_LocalPosition: {x: 849.4343, y: 565.6438, z: 1.8629227}
  m_LocalScale: {x: 1, y: 1, z: 1}
  m_Children:
  - {fileID: 3085937936978698808}
  m_Father: {fileID: 0}
  m_RootOrder: 0
  m_LocalEulerAnglesHint: {x: 0, y: -180, z: 0}
--- !u!114 &6622446099068867956
MonoBehaviour:
  m_ObjectHideFlags: 0
  m_CorrespondingSourceObject: {fileID: 0}
  m_PrefabInstance: {fileID: 0}
  m_PrefabAsset: {fileID: 0}
  m_GameObject: {fileID: 3534589392304146646}
  m_Enabled: 1
  m_EditorHideFlags: 0
  m_Script: {fileID: 11500000, guid: aa584fbee541324448dd18d8409c7a41, type: 3}
  m_Name: 
  m_EditorClassIdentifier: 
  ObservedComponentsFoldoutOpen: 1
  Group: 0
  prefixField: -1
  Synchronization: 3
  OwnershipTransfer: 0
  ObservedComponents:
  - {fileID: 287793285774244668}
  - {fileID: 7105700242574782307}
  viewIdField: 0
  InstantiationId: 0
  isRuntimeInstantiated: 0
--- !u!114 &287793285774244668
MonoBehaviour:
  m_ObjectHideFlags: 0
  m_CorrespondingSourceObject: {fileID: 0}
  m_PrefabInstance: {fileID: 0}
  m_PrefabAsset: {fileID: 0}
  m_GameObject: {fileID: 3534589392304146646}
  m_Enabled: 1
  m_EditorHideFlags: 0
  m_Script: {fileID: 11500000, guid: 627855c7f81362d41938ffe0b1475957, type: 3}
  m_Name: 
  m_EditorClassIdentifier: 
  m_SynchronizePosition: 1
  m_SynchronizeRotation: 1
  m_SynchronizeScale: 0
--- !u!143 &7385666222866670907
CharacterController:
  m_ObjectHideFlags: 0
  m_CorrespondingSourceObject: {fileID: 0}
  m_PrefabInstance: {fileID: 0}
  m_PrefabAsset: {fileID: 0}
  m_GameObject: {fileID: 3534589392304146646}
  m_Material: {fileID: 0}
  m_IsTrigger: 0
  m_Enabled: 1
  serializedVersion: 2
  m_Height: 1.42
  m_Radius: 2.27
  m_SlopeLimit: 45
  m_StepOffset: 0.3
  m_SkinWidth: 0.08
  m_MinMoveDistance: 0.001
  m_Center: {x: 0, y: 3.13, z: 0}
--- !u!114 &7105700242574782307
MonoBehaviour:
  m_ObjectHideFlags: 0
  m_CorrespondingSourceObject: {fileID: 0}
  m_PrefabInstance: {fileID: 0}
  m_PrefabAsset: {fileID: 0}
  m_GameObject: {fileID: 3534589392304146646}
  m_Enabled: 1
  m_EditorHideFlags: 0
  m_Script: {fileID: 11500000, guid: 429d91b3c0e455b4da899775cecda53a, type: 3}
  m_Name: 
  m_EditorClassIdentifier: 
  movementSpeed: 0.1
  rotationSpeed: 1
  BulletPrefab: {fileID: 152888, guid: ef6b9f494e22040489a0422b33d8829c, type: 3}
  Health: 10
  ReloadTime: 0.5
  PowerUpTime: 5
--- !u!114 &-8639860502587519080
MonoBehaviour:
  m_ObjectHideFlags: 0
  m_CorrespondingSourceObject: {fileID: 0}
  m_PrefabInstance: {fileID: 0}
  m_PrefabAsset: {fileID: 0}
  m_GameObject: {fileID: 3534589392304146646}
  m_Enabled: 1
  m_EditorHideFlags: 0
  m_Script: {fileID: 11500000, guid: 20dcb29af3901fb43bc3cf5442b7da50, type: 3}
  m_Name: 
  m_EditorClassIdentifier: 
  distance: 18
  height: 9
  centerOffset: {x: 0, y: 0, z: 0}
  followOnStart: 0
  smoothSpeed: 2
--- !u!1001 &8046174392018651426
PrefabInstance:
  m_ObjectHideFlags: 0
  serializedVersion: 2
  m_Modification:
    m_TransformParent: {fileID: 441000986761525271}
    m_Modifications:
    - target: {fileID: -4216859302048453862, guid: 97639dbdd1bf40a4e8ccd1acb5340081,
        type: 3}
      propertyPath: m_LocalPosition.x
      value: 0
      objectReference: {fileID: 0}
    - target: {fileID: -4216859302048453862, guid: 97639dbdd1bf40a4e8ccd1acb5340081,
        type: 3}
      propertyPath: m_LocalPosition.y
      value: 0
      objectReference: {fileID: 0}
    - target: {fileID: -4216859302048453862, guid: 97639dbdd1bf40a4e8ccd1acb5340081,
        type: 3}
      propertyPath: m_LocalPosition.z
      value: 0
      objectReference: {fileID: 0}
    - target: {fileID: -4216859302048453862, guid: 97639dbdd1bf40a4e8ccd1acb5340081,
        type: 3}
      propertyPath: m_LocalRotation.x
      value: 0
      objectReference: {fileID: 0}
    - target: {fileID: -4216859302048453862, guid: 97639dbdd1bf40a4e8ccd1acb5340081,
        type: 3}
      propertyPath: m_LocalRotation.y
      value: -1
      objectReference: {fileID: 0}
    - target: {fileID: -4216859302048453862, guid: 97639dbdd1bf40a4e8ccd1acb5340081,
        type: 3}
      propertyPath: m_LocalRotation.z
      value: 0
      objectReference: {fileID: 0}
    - target: {fileID: -4216859302048453862, guid: 97639dbdd1bf40a4e8ccd1acb5340081,
        type: 3}
      propertyPath: m_LocalRotation.w
      value: 0
      objectReference: {fileID: 0}
    - target: {fileID: -4216859302048453862, guid: 97639dbdd1bf40a4e8ccd1acb5340081,
        type: 3}
      propertyPath: m_RootOrder
      value: 0
      objectReference: {fileID: 0}
    - target: {fileID: -4216859302048453862, guid: 97639dbdd1bf40a4e8ccd1acb5340081,
        type: 3}
      propertyPath: m_LocalEulerAnglesHint.x
      value: 0
      objectReference: {fileID: 0}
    - target: {fileID: -4216859302048453862, guid: 97639dbdd1bf40a4e8ccd1acb5340081,
        type: 3}
      propertyPath: m_LocalEulerAnglesHint.y
      value: -180
      objectReference: {fileID: 0}
    - target: {fileID: -4216859302048453862, guid: 97639dbdd1bf40a4e8ccd1acb5340081,
        type: 3}
      propertyPath: m_LocalEulerAnglesHint.z
      value: 0
      objectReference: {fileID: 0}
    - target: {fileID: -3975260027414123073, guid: 97639dbdd1bf40a4e8ccd1acb5340081,
        type: 3}
      propertyPath: m_Lightmapping
      value: 1
      objectReference: {fileID: 0}
    - target: {fileID: -927199367670048503, guid: 97639dbdd1bf40a4e8ccd1acb5340081,
        type: 3}
      propertyPath: m_Name
      value: Tank
      objectReference: {fileID: 0}
    - target: {fileID: -927199367670048503, guid: 97639dbdd1bf40a4e8ccd1acb5340081,
        type: 3}
      propertyPath: m_Layer
      value: 8
      objectReference: {fileID: 0}
    - target: {fileID: -113181020801827196, guid: 97639dbdd1bf40a4e8ccd1acb5340081,
        type: 3}
      propertyPath: m_Materials.Array.data[6]
      value: 
      objectReference: {fileID: 2100000, guid: c30fe242b65a4f5409beaa1fd8aee595, type: 2}
    - target: {fileID: -113181020801827196, guid: 97639dbdd1bf40a4e8ccd1acb5340081,
        type: 3}
      propertyPath: m_Materials.Array.data[0]
      value: 
      objectReference: {fileID: 2100000, guid: 5f94573d49771c946950df8fa826d0e1, type: 2}
    - target: {fileID: -113181020801827196, guid: 97639dbdd1bf40a4e8ccd1acb5340081,
        type: 3}
      propertyPath: m_Materials.Array.data[1]
      value: 
      objectReference: {fileID: 2100000, guid: 5f94573d49771c946950df8fa826d0e1, type: 2}
    - target: {fileID: -113181020801827196, guid: 97639dbdd1bf40a4e8ccd1acb5340081,
        type: 3}
      propertyPath: m_Materials.Array.data[2]
      value: 
      objectReference: {fileID: 2100000, guid: fd4000dd854ad0e40ba2a59fab94cad1, type: 2}
    - target: {fileID: -113181020801827196, guid: 97639dbdd1bf40a4e8ccd1acb5340081,
        type: 3}
      propertyPath: m_Materials.Array.data[3]
      value: 
      objectReference: {fileID: 2100000, guid: c597444fc6a08854d89baeeff4ba511d, type: 2}
    - target: {fileID: -113181020801827196, guid: 97639dbdd1bf40a4e8ccd1acb5340081,
        type: 3}
      propertyPath: m_Materials.Array.data[4]
      value: 
      objectReference: {fileID: 2100000, guid: ba3bddb608259184783916ac7915d5a2, type: 2}
    - target: {fileID: -113181020801827196, guid: 97639dbdd1bf40a4e8ccd1acb5340081,
        type: 3}
      propertyPath: m_Materials.Array.data[5]
      value: 
      objectReference: {fileID: 2100000, guid: 90623549d4482f042ade35d8a0758e35, type: 2}
    - target: {fileID: -113181020801827196, guid: 97639dbdd1bf40a4e8ccd1acb5340081,
        type: 3}
      propertyPath: m_Materials.Array.data[7]
      value: 
      objectReference: {fileID: 2100000, guid: ed4e4079e2e99084d8d914283565fc5c, type: 2}
    - target: {fileID: -113181020801827196, guid: 97639dbdd1bf40a4e8ccd1acb5340081,
        type: 3}
      propertyPath: m_Materials.Array.data[8]
      value: 
      objectReference: {fileID: 2100000, guid: 831e4ea6beda02947bdca5aeb8543156, type: 2}
    - target: {fileID: 1276603737757889232, guid: 97639dbdd1bf40a4e8ccd1acb5340081,
        type: 3}
      propertyPath: m_LocalPosition.x
      value: 0
      objectReference: {fileID: 0}
    - target: {fileID: 1276603737757889232, guid: 97639dbdd1bf40a4e8ccd1acb5340081,
        type: 3}
      propertyPath: m_LocalPosition.z
      value: 20.16
      objectReference: {fileID: 0}
    - target: {fileID: 1276603737757889232, guid: 97639dbdd1bf40a4e8ccd1acb5340081,
        type: 3}
      propertyPath: m_LocalRotation.x
      value: -0.0042390605
      objectReference: {fileID: 0}
    - target: {fileID: 1276603737757889232, guid: 97639dbdd1bf40a4e8ccd1acb5340081,
        type: 3}
      propertyPath: m_LocalRotation.y
      value: 0.99115926
      objectReference: {fileID: 0}
    - target: {fileID: 1276603737757889232, guid: 97639dbdd1bf40a4e8ccd1acb5340081,
        type: 3}
      propertyPath: m_LocalRotation.z
      value: -0.13203697
      objectReference: {fileID: 0}
    - target: {fileID: 1276603737757889232, guid: 97639dbdd1bf40a4e8ccd1acb5340081,
        type: 3}
      propertyPath: m_LocalRotation.w
      value: 0.012311107
      objectReference: {fileID: 0}
    - target: {fileID: 1276603737757889232, guid: 97639dbdd1bf40a4e8ccd1acb5340081,
        type: 3}
      propertyPath: m_LocalEulerAnglesHint.x
      value: 15.167001
      objectReference: {fileID: 0}
    - target: {fileID: 1276603737757889232, guid: 97639dbdd1bf40a4e8ccd1acb5340081,
        type: 3}
      propertyPath: m_LocalEulerAnglesHint.y
      value: 178.48502
      objectReference: {fileID: 0}
    - target: {fileID: 1276603737757889232, guid: 97639dbdd1bf40a4e8ccd1acb5340081,
        type: 3}
      propertyPath: m_LocalEulerAnglesHint.z
      value: -0.69200003
      objectReference: {fileID: 0}
    - target: {fileID: 1276603737757889232, guid: 97639dbdd1bf40a4e8ccd1acb5340081,
        type: 3}
      propertyPath: m_LocalPosition.y
      value: 11.25
      objectReference: {fileID: 0}
    - target: {fileID: 2502203975881118265, guid: 97639dbdd1bf40a4e8ccd1acb5340081,
        type: 3}
      propertyPath: m_Layer
      value: 8
      objectReference: {fileID: 0}
    - target: {fileID: 4224801822505238522, guid: 97639dbdd1bf40a4e8ccd1acb5340081,
        type: 3}
      propertyPath: m_IsActive
      value: 0
      objectReference: {fileID: 0}
    - target: {fileID: 4224801822505238522, guid: 97639dbdd1bf40a4e8ccd1acb5340081,
        type: 3}
      propertyPath: m_Layer
      value: 8
      objectReference: {fileID: 0}
    - target: {fileID: 8274873701517981592, guid: 97639dbdd1bf40a4e8ccd1acb5340081,
        type: 3}
      propertyPath: m_Layer
      value: 8
      objectReference: {fileID: 0}
    m_RemovedComponents: []
  m_SourcePrefab: {fileID: 100100000, guid: 97639dbdd1bf40a4e8ccd1acb5340081, type: 3}
--- !u!4 &3085937936978698808 stripped
Transform:
  m_CorrespondingSourceObject: {fileID: -4216859302048453862, guid: 97639dbdd1bf40a4e8ccd1acb5340081,
    type: 3}
  m_PrefabInstance: {fileID: 8046174392018651426}
  m_PrefabAsset: {fileID: 0}
